@book{BertsekasDimitriP1999Np,
publisher = {Athena scientific},
isbn = {1886529000},
year = {1999},
title = {Nonlinear programming},
edition = {2nd ed.},
address = {Belmont},
author = {Bertsekas, Dimitri P},
keywords = {Operational research},
}

@article{DBLP:journals/corr/LuK17,
  author    = {Haihao Lu and
               Kenji Kawaguchi},
  title     = {Depth Creates No Bad Local Minima},
  journal   = {CoRR},
  volume    = {abs/1702.08580},
  year      = {2017},
  url       = {http://arxiv.org/abs/1702.08580},
  archivePrefix = {arXiv},
  eprint    = {1702.08580},
  timestamp = {Mon, 13 Aug 2018 16:48:25 +0200},
  biburl    = {https://dblp.org/rec/bib/journals/corr/LuK17},
  bibsource = {dblp computer science bibliography, https://dblp.org}
}

@book{NocedalJorge2006No,
series = {Springer series in operations research and financial engineering},
publisher = {Springer},
isbn = {0387303030},
year = {2006},
title = {Numerical optimization},
edition = {2nd ed.},
address = {New York (N.Y.)},
author = {Nocedal, Jorge and Wright, Stephen J.},
keywords = {Approximation. Interpolation},
}

