@book{BertsekasDimitriP1999Np,
publisher = {Athena scientific},
isbn = {1886529000},
year = {1999},
title = {Nonlinear programming},
edition = {2nd ed.},
address = {Belmont},
author = {Bertsekas, Dimitri P},
keywords = {Operational research},
}

