@article{DBLP:journals/corr/LuK17,
  author    = {Haihao Lu and
               Kenji Kawaguchi},
  title     = {Depth Creates No Bad Local Minima},
  journal   = {CoRR},
  volume    = {abs/1702.08580},
  year      = {2017},
  url       = {http://arxiv.org/abs/1702.08580},
  archivePrefix = {arXiv},
  eprint    = {1702.08580},
  timestamp = {Mon, 13 Aug 2018 16:48:25 +0200},
  biburl    = {https://dblp.org/rec/bib/journals/corr/LuK17},
  bibsource = {dblp computer science bibliography, https://dblp.org}
}

