@book{NocedalJorge2006No,
series = {Springer series in operations research and financial engineering},
publisher = {Springer},
isbn = {0387303030},
year = {2006},
title = {Numerical optimization},
edition = {2nd ed.},
address = {New York (N.Y.)},
author = {Nocedal, Jorge and Wright, Stephen J.},
keywords = {Approximation. Interpolation},
}

